%% This BibTeX bibliography file was created using BibDesk.
%% http://bibdesk.sourceforge.net/

%% Created for Jordie Shier  at 2020-06-24 15:07:14 -0600 


%% Saved with string encoding Unicode (UTF-8) 



@article{xu2018empirical,
	Author = {Xu, Qiantong and Huang, Gao and Yuan, Yang and Guo, Chuan and Sun, Yu and Wu, Felix and Weinberger, Kilian},
	Date-Added = {2020-06-24 13:15:38 -0600},
	Date-Modified = {2020-06-24 13:15:38 -0600},
	Journal = {arXiv preprint arXiv:1806.07755},
	Title = {An empirical study on evaluation metrics of generative adversarial networks},
	Year = {2018}}

@article{goodfellow2016nips,
	Author = {Goodfellow, Ian},
	Date-Added = {2020-06-24 12:55:00 -0600},
	Date-Modified = {2020-06-24 12:55:00 -0600},
	Journal = {arXiv preprint arXiv:1701.00160},
	Title = {NIPS 2016 tutorial: Generative adversarial networks},
	Year = {2016}}

@misc{brownlee2019ganlatent,
	Author = {Jason Brownlee},
	Date-Added = {2020-06-24 12:41:02 -0600},
	Date-Modified = {2020-06-24 12:41:59 -0600},
	Title = {How to Explore the GAN Latent Space When Generating Faces},
	Url = {https://machinelearningmastery.com/how-to-interpolate-and-perform-vector-arithmetic-with-faces-using-a-generative-adversarial-network/},
	Year = {2019}}

@article{lecun2015deep,
	Author = {LeCun, Yann and Bengio, Yoshua and Hinton, Geoffrey},
	Date-Added = {2020-06-24 12:37:58 -0600},
	Date-Modified = {2020-06-24 12:37:58 -0600},
	Journal = {nature},
	Number = {7553},
	Pages = {436--444},
	Publisher = {Nature Publishing Group},
	Title = {Deep learning},
	Volume = {521},
	Year = {2015}}

@webpage{pasini2019syngan,
	Author = {Marco Pasini},
	Date-Added = {2020-06-24 12:28:03 -0600},
	Date-Modified = {2020-06-24 12:32:53 -0600},
	Title = {Synthesizing Audio with Generative Adversarial Networks},
	Url = {https://towardsdatascience.com/synthesizing-audio-with-generative-adversarial-networks-8e0308184edd},
	Year = {2019}}

@inproceedings{goodfellow2014generative,
	Author = {Goodfellow, Ian and Pouget-Abadie, Jean and Mirza, Mehdi and Xu, Bing and Warde-Farley, David and Ozair, Sherjil and Courville, Aaron and Bengio, Yoshua},
	Booktitle = {Advances in neural information processing systems},
	Date-Added = {2020-06-24 11:20:07 -0600},
	Date-Modified = {2020-06-24 11:20:07 -0600},
	Pages = {2672--2680},
	Title = {Generative adversarial nets},
	Year = {2014}}

@misc{nsynth2017,
	Author = {Jesse Engel and Cinjon Resnick and Adam Roberts and Sander Dieleman and Douglas Eck and Karen Simonyan and Mohammad Norouzi},
	Date-Added = {2020-06-24 11:16:13 -0600},
	Date-Modified = {2020-06-24 11:16:13 -0600},
	Eprint = {arXiv:1704.01279},
	Title = {Neural Audio Synthesis of Musical Notes with WaveNet Autoencoders},
	Year = {2017}}

@inproceedings{donahue2018adversarial,
	Author = {Donahue, Chris and McAuley, Julian and Puckette, Miller},
	Booktitle = {International Conference on Learning Representations},
	Date-Added = {2020-06-24 11:13:39 -0600},
	Date-Modified = {2020-06-24 11:13:39 -0600},
	Title = {Adversarial Audio Synthesis},
	Year = {2018}}

@inproceedings{engel2018gansynth,
	Author = {Engel, Jesse and Agrawal, Kumar Krishna and Chen, Shuo and Gulrajani, Ishaan and Donahue, Chris and Roberts, Adam},
	Booktitle = {International Conference on Learning Representations},
	Date-Added = {2020-06-24 11:13:01 -0600},
	Date-Modified = {2020-06-24 11:13:01 -0600},
	Title = {GANSynth: Adversarial Neural Audio Synthesis},
	Year = {2018}}
